<?xml version="1.0" encoding="UTF-8"?><collection xmlns="http://www.loc.gov/MARC21/slim"><record><leader>00488nam--2200181-u-4500</leader><controlfield tag="001">000053935</controlfield><controlfield tag="002">20161230</controlfield><controlfield tag="005">20161230201051</controlfield><controlfield tag="008">110707s1000------------r-----000-0-pol-d</controlfield><datafield ind1=" " ind2=" " tag="040"><subfield code="a">IFIN-HH</subfield></datafield><datafield ind1=" " ind2=" " tag="041"><subfield code="a">pol</subfield></datafield><datafield ind1=" " ind2=" " tag="080"><subfield code="a">537.222.2</subfield></datafield><datafield ind1="1" ind2=" " tag="100"><subfield code="a">Stankowski, Jan</subfield></datafield><datafield ind1="1" ind2="0" tag="245"><subfield code="a">Fizyka dielektrykow i radiospektroskopia</subfield><subfield code="b">Xvi</subfield><subfield code="c">Jan stankowski (red.)</subfield></datafield><datafield ind1=" " ind2=" " tag="260"><subfield code="a">Warszawa</subfield><subfield code="b">Panstwowe Wydawnictwo Naukowe</subfield><subfield code="c">1990</subfield></datafield><datafield ind1=" " ind2=" " tag="300"><subfield code="a">266P</subfield></datafield><datafield ind1=" " ind2=" " tag="852"><subfield code="a">79452</subfield><subfield code="c">537.226</subfield></datafield><datafield ind1=" " ind2=" " tag="CAT"><subfield code="a">Sys</subfield><subfield code="c">20110707</subfield><subfield code="h">161851</subfield></datafield></record></collection>